@misc{huzaifa2020exploring,
      title={Exploring Extended Reality with ILLIXR: A New Playground for Architecture Research}, 
      author={Muhammad Huzaifa and Rishi Desai and Xutao Jiang and Joseph Ravichandran and Finn Sinclair and Sarita V. Adve},
      year={2020},
      eprint={2004.04643},
      archivePrefix={arXiv},
      primaryClass={cs.DC}
}

@Conference{Geneva2020ICRA,
  Title      = {OpenVINS: A Research Platform for Visual-Inertial Estimation},
  Author     = {Patrick Geneva and Kevin Eckenhoff and Woosik Lee and Yulin Yang and Guoquan Huang},
  Booktitle  = {Proc. of the IEEE International Conference on Robotics and Automation},
  Year       = {2020},
  Address    = {Paris, France},
  Url        = {https://github.com/rpng/open\_vins}
}
                  
@article{Burri25012016,
author = {Burri, Michael and Nikolic, Janosch and Gohl, Pascal and Schneider, Thomas and Rehder, Joern and Omari, Sammy and Achtelik, Markus W and Siegwart, Roland}, 
title = {The EuRoC micro aerial vehicle datasets},
year = {2016}, 
doi = {10.1177/0278364915620033}, 
URL = {http://ijr.sagepub.com/content/early/2016/01/21/0278364915620033.abstract}, 
eprint = {http://ijr.sagepub.com/content/early/2016/01/21/0278364915620033.full.pdf+html}, 
journal = {The International Journal of Robotics Research} 
}
                  
@ARTICLE{88573,
  author={S. {Umeyama}},
  journal={IEEE Transactions on Pattern Analysis and Machine Intelligence}, 
  title={Least-squares estimation of transformation parameters between two point patterns}, 
  year={1991},
  volume={13},
  number={4},
  pages={376-380},
  doi={10.1109/34.88573}}
                  
@Misc{apitrace,
author =   {Jos\'e Fonseca},
title =    {Apitrace},
howpublished = {\url{https://github.com/apitrace/apitrace}},
}

@article{approxhpvm,
author = {Sharif, Hashim and Srivastava, Prakalp and Huzaifa, Muhammad and Kotsifakou, Maria and Joshi, Keyur and Sarita, Yasmin and Zhao, Nathan and Adve, Vikram S. and Misailovic, Sasa and Adve, Sarita},
title = {ApproxHPVM: A Portable Compiler IR for Accuracy-Aware Optimizations},
year = {2019},
issue_date = {October 2019},
publisher = {Association for Computing Machinery},
address = {New York, NY, USA},
volume = {3},
number = {OOPSLA},
url = {https://doi.org/10.1145/3360612},
doi = {10.1145/3360612},
journal = {Proc. ACM Program. Lang.},
month = oct,
articleno = {186},
numpages = {30},
keywords = {Virtual ISA, Deep Neural Networks, Approximate Computing, Heterogeneous Systems, Compiler}
}

@article{SIFT,
author = {David, Lowe G.},
year = {2004},
title = {Distinctive Image Features from Scale-Invariant Keypoints},
journal = {International Journal of Computer Vision},
pages = {91--110},
volume = {60},
url = {https://doi.org/10.1023/B:VISI.0000029664.99615.94},
doi = {10.1023/B:VISI.0000029664.99615.94},
}
